@ONLINE {atlassian2020,
    author = "Atlassian",
    title  = "Gitflow Workflow",
    year   = "2020",
    url    = "https://www.atlassian.com/git/tutorials/comparing-workflows/gitflow-workflow"
}

%----------------------------------------------
@BOOK {j.hammondt.grossj.wesson2002,
    author    = "J. Hammond, T. Gross, J. Wesson",
    title     = "Usability: Gaining a Competetive Edge",
    publisher = "Kluwer Academic Publishers",
    year      = "2002"
}
@ONLINE {Jean-Marie Dautelle2014,
    author = "Jean-Marie Dautelle",
    title  = "Java Tools and Libraries for the Advancement of Sciences.",
    year   = "2014",
    url    = "http://jscience.org/"
}

@ONLINE {Apache2016,
    author = "The Apache Software Foundation",
    title  = "Commons Math: The Apache Commons Mathematics Library",
    year   = "2016",
    url    = "https://commons.apache.org/proper/commons-math/"
}

@ONLINE {FHDW2020,
    author = "FHDW",
    title  = "Fachhochschule der Wirtschaft Modulhandbuch (Vollzeit) Wirtschaftsinformatik (Bachelor of Science)",
    year   = "2017",
    url    = "https://intranet.fhdw.de/tiki-download_file.php?fileId=18125"
}

@ONLINE {Rondinella2019,
    author = "Giuseppe Rondinella",
    title  = "Deutscher App-Markt weiter im Höhenflug",
    year   = "2019",
    url    = "https://www.horizont.net/tech/nachrichten/bitkom-deutscher-app-markt-weiter-im-hoehenflug-175340"
}

@article{Fuller2011,
author = {F\"{u}ller, Matthias and N\"{u}\ss er, Willi and Rustemeyer, Thomas},
journal = {Pervasive and Mobile Computing},
number = {3},
pages = {467--482},
publisher = {Elsevier B.V.},
title = {{Context driven process selection and integration of mobile and pervasive systems}},
volume = {8},
year = {2012},
keywords = {mono}
}

@book{Meier2010,
address = {Indianapolis, IN, USA},
author = {Meier, Reto},
pages = {576},
publisher = {Wiley},
title = {{Professional Android 2 Application Development}},
year = {2010},
keywords = {mono}
}

@misc{Maslennikov2011,
author = {Maslennikov, Denis},
title = {{ZeuS-in-the-Mobile – Facts and Theories}},
url = {http://www.securelist.com/en/analysis/204792194/ZeuS\_in\_the\_Mobile\_Facts\_and\_Theories},
urldate = {2012-12-20},
year = {2011},
keywords = {web}
}

@inproceedings{Hocking2011a,
author = {Hocking, Christopher G. and Furnell, Steven M. and Clarke, Nathan L. and Reynolds, Paul L.},
booktitle = {Proceedings of International Conference on Information Assurance and Security (IAS)},
pages = {304--310},
title = {{A Distributed and Cooperative User Authentication Framework}},
year = {2010},
keywords = {mag}
}
